@ONLINE{biomed,
  title = {BioMed Central},
  year = {2014},
  url = {http://www.biomedcentral.com/about/datamining},
  note = {Accessed: 2014-12-17}
},

@ONLINE{bioscope,
  title = {The BioScope Corpus},
  year = {2014},
  url = {http://rgai.inf.u-szeged.hu/bioscope},
  note = {Accessed: 2014-12-17}
},

@inproceedings{Medlock2007,
    title = {Weakly supervised learning for hedge classification in scientific literature},
    year = {2007},
    booktitle = {Annual Meeting of Assosiation of Computational Linguistics},
    author = {Medlock, Ben and Briscoe, Ted},
    number = {1},
    pages = {992},
    volume = {45}
}

@article{Medlock2008,
    title = {Exploring hedge identification in biomedical literature},
    year = {2008},
    journal = {Journal of Biomedical Informatics},
    author = {Medlock, and Ben},
    number = {4},
    pages = {636-654},
    volume = {41}
}

@inproceedings{Light2004,
    title = {The Language of Bioscience : Facts , Speculations , and Statements in Between},
    year = {2004},
    booktitle = {BioLink 2004 -- Proceedings of the Workshop on Linking Biological Literature, Ontologies and Databases},
    author = {Light, Marc and Qiu, Xin Ying and Srinivasan, Padmini},
    pages = {17-24}
}

@inproceedings{vlachos2010detecting,
  title={Detecting speculative language using syntactic dependencies and logistic regression},
  year={2010},
  author={Vlachos, Andreas and Craven, Mark},
  booktitle={Proceedings of the Fourteenth Conference on Computational Natural Language Learning---Shared Task},
  pages={18--25},
  organization={Association for Computational Linguistics}
}

@article{mikolov2013efficient,
  title={Efficient estimation of word representations in vector space},
  year={2013},
  author={Mikolov, Tomas and Chen, Kai and Corrado, Greg and Dean, Jeffrey},
  journal={arXiv preprint arXiv:1301.3781},
}

@article{Malhotra2013,
    title = {'HypothesisFinder:' A Strategy for the Detection of Speculative Statements in Scientific Text},
    year = {2013},
    journal = {PLoS Computational Biology},
    author = {Malhotra, Ashutosh and Younesi, Erfan and Gurulingappa, Harsha and Hofmann-Apitius, Martin},
    number = {7},
    volume = {9}
}


@article{Vincze2008,
    title = {The BioScope corpus: biomedical texts annotated for uncertainty, negation and their scopes.},
    year = {2008},
    journal = {BMC bioinformatics},
    author = {Vincze, Veronika and Szarvas, Gy{\"{o}}rgy and Farkas, Rich{\'{a}}rd and M{\'{o}}ra, Gy{\"{o}}rgy and Csirik, J{\'{a}}nos},
    pages = {S9},
    volume = {9 Suppl 11}
}

@inproceedings{socher2011parsing,
  title={Parsing natural scenes and natural language with recursive neural networks},
  author={Socher, Richard and Lin, Cliff C and Manning, Chris and Ng, Andrew Y},
  booktitle={Proceedings of the 28th International Conference on Machine Learning (ICML-11)},
  pages={129--136},
  year={2011}
}

@inproceedings{Socher2013,
  title={Recursive deep models for semantic compositionality over a sentiment treebank},
  author={Socher, Richard and Perelygin, Alex and Wu, Jean Y and Chuang, Jason and Manning, Christopher D and Ng, Andrew Y and Potts, Christopher},
  booktitle={Proceedings of the Conference on Empirical Methods in Natural Language Processing (EMNLP)},
  pages={1631--1642},
  year={2013},
  organization={Citeseer}
}

@article{Le2014,
  title={Distributed Representations of Sentences and Documents},
  author={Le, Quoc V and Mikolov, Tomas},
  journal={arXiv preprint arXiv:1405.4053},
  year={2014}
}
